
%%%%%%%%%%%%%%%%%%%%%%%%%%%%%%%%%%%%%%%%%
%%%%%%%%%%%%% INTRODUCTION %%%%%%%%%%%%%%
%%%%%%%%%%%%%%%%%%%%%%%%%%%%%%%%%%%%%%%%%

%%%%%%%%%%%%%%%%% BOOKS %%%%%%%%%%%%%%%%% 
@book{damodaran_fennemas_2017,
	edition = {5th ed.},
	title = {Fennema's {Food} {Chemistry}},
	publisher = {CRC Press, Taylor \& Francis Group},
	author = {Damodaran, Srinivasan and Parkin, Kirk L.},
	year = {2017},
}

@book{coultate_food_2016,
	edition = {6th ed.},
	title = {Food, {The} {Chemistry} of its {Components}},
	publisher = {Royal Society of Chemistry},
	author = {Coultate, Tom},
	year = {2016},
}

%%%%%%%%%% PROSJEKTOPPGAVE %%%%%%%%%%%%%%%

@article{dahl_exchanging_2021,
	title = {Exchanging carrageenan with {Alaria} esculenta or {Saccharina} latissima in pork liver pâté - effect on texture},
	author = {Dahl, Sunniva Bauck},
	month = dec,
	year = {2021},
	note = {TBT4500 - Biotechnology, Specialization Project, NTNU.}
}

%%%%%%%%%%%%%%%%%%%%%%%%%%%%%%%%%%%%%%%%%
%%%%%%%%%%%%%% BACKGROUND %%%%%%%%%%%%%%
%%%%%%%%%%%%%%%%%%%%%%%%%%%%%%%%%%%%%%%%%

% FN's klimarapport 2019:
@article{ipcc_climate_2019,
	title = {Climate {Change} and {Land}: an {IPCC} special report on climate change, desertification, land degradation, sustainable land management, food security, and greenhouse gas fluxes in terrestrial ecosystems},
	url = {https://www.ipcc.ch/srccl/},
	note = {[Shukla, J. Skea, E. Calvo Buendia, V. Masson-Delmotte, H.-O. Pörtner, D. C. Roberts, P. Zhai, R. Slade, S. Connors, R. van Diemen, M. Ferrat, E. Haughey, S. Luz, S. Neogi, M. Pathak, J. Petzold, J. Portugal Pereira, P. Vyas, E. Huntley, K. Kissick, M. Belkacemi, J. Malley, (eds.)]. In press.},
	urldate = {2022-05-13},
	author = {IPCC},
	year = {2019},
}

@incollection{niva_barriers_2017,
	title = {Barriers to {Increasing} {Plant} {Protein} {Consumption} in {Western} {Populations}},
	language = {en},
	urldate = {2022-05-13},
	booktitle = {Vegetarian and {Plant}-{Based} {Diets} in {Health} and {Disease} {Prevention}},
	editor = {Mariotti, {François}},
	publisher = {Elsevier},
	author = {Niva, Mari and Vainio, Annukka and Jallinoja, Piia},
	year = {2017},
	doi = {10.1016/B978-0-12-803968-7.00010-1},
}

@article{sandstrom_role_2018,
	title = {The role of trade in the greenhouse gas footprints of {EU} diets},
	volume = {19},
	issn = {2211-9124},
	url = {https://www.sciencedirect.com/science/article/pii/S2211912418300361},
	doi = {10.1016/j.gfs.2018.08.007},
	language = {en},
	urldate = {2022-06-02},
	journal = {Global Food Security},
	author = {Sandström, Vilma and Valin, Hugo and Krisztin, Tamás and Havlík, Petr and Herrero, Mario and Kastner, Thomas},
	month = dec,
	year = {2018},
	keywords = {Climate change, Food consumption, Greenhouse gas emissions accounting, International trade, Land use change},
	pages = {48--55},
}

@article{ritchie_environmental_2020,
	title = {Environmental {Impacts} of {Food} {Production}},
	url = {https://ourworldindata.org/environmental-impacts-of-food},
	urldate = {2022-06-02},
	journal = {Our World in Data},
	author = {Ritchie, Hannah and Roser, Max},
	month = jan,
	year = {2020},
}

@article{ritchie_carbon_2020,
	title = {The carbon footprint of foods: are differences explained by the impacts of methane?},
	shorttitle = {The carbon footprint of foods},
	url = {https://ourworldindata.org/carbon-footprint-food-methane},
	abstract = {How we treat the climate impacts of methane has a significant difference on the carbon footprint of foods. But even if we exclude methane, meat and dairy products have the highest footprint.},
	urldate = {2022-06-02},
	journal = {Our World in Data},
	author = {Ritchie, Hannah},
	year = {2020},
}


@article{wang_meat_2009,
	title = {Meat consumption is associated with obesity and central obesity among {US} adults},
	volume = {33},
	copyright = {2009 Macmillan Publishers Limited},
	issn = {1476-5497},
	url = {https://www.nature.com/articles/ijo200945},
	doi = {10.1038/ijo.2009.45},
	language = {en},
	number = {6},
	urldate = {2022-06-02},
	journal = {International Journal of Obesity},
	author = {Wang, Y. and Beydoun, M. A.},
	month = jun,
	year = {2009},
	publisher = {Nature Publishing Group},
	keywords = {Epidemiology, Health Promotion and Disease Prevention, Internal Medicine, Medicine/Public Health, Metabolic Diseases, Public Health, general},
	pages = {621--628},
}

@article{vang_meats_2008,
	title = {Meats, {Processed} {Meats}, {Obesity}, {Weight} {Gain} and {Occurrence} of {Diabetes} among {Adults}: {Findings} from {Adventist} {Health} {Studies}},
	volume = {52},
	shorttitle = {Meats, {Processed} {Meats}, {Obesity}, {Weight} {Gain} and {Occurrence} of {Diabetes} among {Adults}},
	url = {https://www.proquest.com/docview/232073085/abstract/1CE67B4D581E4BC7PQ/1},
	language = {English},
	number = {2},
	urldate = {2022-06-02},
	journal = {Annals of Nutrition \& Metabolism},
	author = {Vang, Arnold and Singh, Pramil N. and Lee, Jerry W. and Haddad, Ella H. and Brinegar, Charles H.},
	month = may,
	year = {2008},
	%note = {Num Pages: 9}
    %Place: Basel, Switzerland
    publisher = {S. Karger AG},
	keywords = {Diabetes, Diet, Meat products, Nutrition, Nutrition And Dietetics, Obesity, Risk factors},
	pages = {96--104},
}

@article{boukid_plant-based_2021,
	title = {Plant-based meat analogues: from niche to mainstream},
	volume = {247},
	issn = {1438-2385},
	shorttitle = {Plant-based meat analogues},
	url = {https://doi.org/10.1007/s00217-020-03630-9},
	doi = {10.1007/s00217-020-03630-9},
	language = {en},
	number = {2},
	urldate = {2022-05-02},
	journal = {European Food Research and Technology},
	author = {Boukid, Fatma},
	month = feb,
	year = {2021},
	keywords = {Consumer acceptance, Health, Nutrition, Plant proteins, Sustainability},
	pages = {297--308},
}

@article{singh_plant-based_2021,
	title = {Plant-based meat analogue ({PBMA}) as a sustainable food: a concise review},
	volume = {247},
	issn = {1438-2385},
	shorttitle = {Plant-based meat analogue ({PBMA}) as a sustainable food},
	url = {https://doi.org/10.1007/s00217-021-03810-1},
	doi = {10.1007/s00217-021-03810-1},
	language = {en},
	number = {10},
	urldate = {2022-06-02},
	journal = {European Food Research and Technology},
	author = {Singh, Meenakshi and Trivedi, Nitin and Enamala, Manoj Kumar and Kuppam, Chandrasekhar and Parikh, Punita and Nikolova, Maria P. and Chavali, Murthy},
	month = oct,
	year = {2021},
	keywords = {Market status, Plant proteins, Plant-based meat analogue (PBMA), Sustainable food},
	pages = {2499--2526},
}


@article{kurek_novel_2022,
	title = {Novel {Protein} {Sources} for {Applications} in {Meat}-{Alternative} {Products}—{Insight} and {Challenges}},
	volume = {11},
	copyright = {http://creativecommons.org/licenses/by/3.0/},
	issn = {2304-8158},
	url = {https://www.mdpi.com/2304-8158/11/7/957},
	doi = {10.3390/foods11070957},
	language = {en},
	number = {7},
	urldate = {2022-06-04},
	journal = {Foods},
	author = {Kurek, Marcin A. and Onopiuk, Anna and Pogorzelska-Nowicka, Ewelina and Szpicer, Arkadiusz and Zalewska, Magdalena and Półtorak, Andrzej},
	month = jan,
	year = {2022},
    publisher = {Multidisciplinary Digital Publishing Institute},
	keywords = {algae protein, insect protein, meat analog, protein, texture},
	pages = {957},
}

@article{ritchie_meat_2017,
	title = {Meat and {Dairy} {Production}},
	url = {https://ourworldindata.org/meat-production},
	abstract = {Meat is an important source of nutrition for people around the world. How quickly is demand growing? And what are the implications for animal welfare and the earth’s environment?},
	urldate = {2022-06-04},
	journal = {Our World in Data},
	author = {Ritchie, Hannah and Roser, Max},
	month = aug,
	year = {2017},
}

%%%%%%%%%%%%%%%%%%%%%%%%%%%%%%%%%%%%%%%%%
%%%%%%%%%%%%%%%%% MEAT %%%%%%%%%%%%%%%%%%
%%%%%%%%%%%%%%%%%%%%%%%%%%%%%%%%%%%%%%%%%

@article{sha_plant_2020,
	title = {Plant protein-based alternatives of reconstructed meat: {Science}, technology, and challenges},
	volume = {102},
	issn = {0924-2244},
	shorttitle = {Plant protein-based alternatives of reconstructed meat},
	url = {https://www.sciencedirect.com/science/article/pii/S0924224420304830},
	doi = {10.1016/j.tifs.2020.05.022},
	language = {en},
	urldate = {2022-01-27},
	journal = {Trends in Food Science \& Technology},
	author = {Sha, Lei and Xiong, Youling L.},
	month = aug,
	year = {2020},
	keywords = {Ingredient functionality, Meat alternatives, Meat analogues, Meat flavor, Plant-based products, Proteins},
	pages = {51--61},
}

% Skeletal muscle picture
@misc{parker_muscle_2021,
	title = {Muscle {Fibers} {Explained}: {Type} {I} and {Type} {II} ({Slow} \& {Fast} {Twitch}) – {Sport} {Science} {Insider}},
	shorttitle = {Muscle {Fibers} {Explained}},
	url = {https://sportscienceinsider.com/muscle-fibers-explained-slow-fast-twitch/},
	urldate = {2022-05-08},
	author = {Parker, Josh},
	month = apr,
	year = {2021}
}

%%%%%%%%%%%%%%%%%%%%%%%%%%%%%%%%%%%%%%%%%
%%%%%%%%%%%%%%%%% SOY %%%%%%%%%%%%%%%%%%%
%%%%%%%%%%%%%%%%%%%%%%%%%%%%%%%%%%%%%%%%%

% Soy production picture
@article{ritchie_forests_2021,
	title = {Forests and {Deforestation}},
	url = {https://ourworldindata.org/soy},
	abstract = {Explore global data on soy production, how it’s used, and how much deforestation is caused by its expansion.},
	urldate = {2022-05-08},
	journal = {Our World in Data},
	author = {Ritchie, Hannah and Roser, Max},
	month = feb,
	year = {2021}
}

@article{nishinari_soy_2014,
	title = {Soy proteins: {A} review on composition, aggregation and emulsification},
	volume = {39},
	issn = {0268-005X},
	url = {https://www.sciencedirect.com/science/article/pii/S0268005X14000319},
	doi = {https://doi.org/10.1016/j.foodhyd.2014.01.013},
	journal = {Food Hydrocolloids},
	author = {Nishinari, K. and Fang, Y. and Guo, S. and Phillips, G. O.},
	year = {2014},
	keywords = {Emulsion, Gel, Process, Protein, Soy},
	pages = {301--318}
}

% Soy proteins: chapter 1 % Dobbeltsjekket :)
@incollection{gonzalez_soy_2014_chap1,
  author      = {Álvarez, {María Dolores} and Canetand, {Wenceslao} and Jiménez, {María José}},
  title       = {Rheology, {T}exture and {F}unctionality of {S}oy {P}rotein {I}solate-{B}ased {P}otato {P}uree: {Instrumental, Sensory and Structural Relationships}},
  editor      = {González, Héctor and Casamides, Jon M.},
  booktitle   = {Soy {Protein} : {Production} {Methods}, {Functional} {Properties} and {Food} {Sources}},
  publisher   = {Nova publishers},
  year        = {2014},
  pages       = {1--46},
  chapter     = {1},
}
% Soy proteins: chapter 2 % Dobbeltsjekket :)
@incollection{gonzalez_soy_2014_chap2,
  author      = {Ma, Zhen},
  title       = {{Soy Protein: Research Advances on the Relationships among the Processing Techniques, Nutritional Quality, Functional Properties and Applications in Various Food Products}},
  editor      = {González, Héctor and Casamides, Jon M.},
  booktitle   = {Soy {Protein} : {Production} {Methods}, {Functional} {Properties} and {Food} {Sources}},
  publisher   = {Nova publishers},
  year        = {2014},
  pages       = {47--76},
  chapter     = {2},
}
% Soy proteins: chapter 3 % Dobbeltsjekket :)
@incollection{gonzalez_soy_2014_chap3,
  author      = {{Costa de Conto}, Leilane and Fasolin, {Luiz Henrique} and Schmiele, Marco},
  title       = {{Soybean Proteins Applied to Microencapsulation as Wall Material: A Review}},
  editor      = {González, Héctor and Casamides, Jon M.},
  booktitle   = {Soy {Protein} : {Production} {Methods}, {Functional} {Properties} and {Food} {Sources}},
  publisher   = {Nova publishers},
  year        = {2014},
  pages       = {77--102},
  chapter     = {3},
}

@article{boye_protein_2012,
	title = {Protein quality evaluation twenty years after the introduction of the protein digestibility corrected amino acid score method},
	volume = {108},
	doi = {10.1017/S0007114512002309},
	number = {S2},
	journal = {British Journal of Nutrition},
	author = {Boye, Joyce and Wijesinha-Bettoni, Ramani and Burlingame, Barbara},
	month = aug,
	year = {2012},
	Publisher =  {Cambridge University Press}
}

% Matvaretabellen
@misc{norwegian_food_safety_authority_soyabonner_nodate,
	title = {Soyabønner, tørre - {Matvaretabellen}},
	url = {https://www.matvaretabellen.no/soyaboenner-toerre-06.083},
	urldate = {2022-05-08},
	journal = {Matvaretabellen - Soyabønner, tørre},
	author = {{Norwegian Food Safety Authority}},
}

% FDA soy composition
@misc{us_department_of_agriculture_agricultural_research_service_fooddata_nodate,
	title = {{FoodData} {Central}},
	url = {https://fdc.nal.usda.gov/fdc-app.html#/food-details/174270/nutrients},
	urldate = {2022-05-08},
	journal = {Soybeans, mature seeds, raw},
	author = {{U.S. Department of Agriculture - Agricultural Research Service}},
}

@article{guan_changes_2021,
	title = {Changes of {Soybean} {Protein} during {Tofu} {Processing}},
	volume = {10},
	copyright = {http://creativecommons.org/licenses/by/3.0/},
	issn = {2304-8158},
	url = {https://www.mdpi.com/2304-8158/10/7/1594},
	doi = {10.3390/foods10071594},
	language = {en},
	number = {7},
	urldate = {2022-05-08},
	journal = {Foods},
	author = {Guan, Xiangfei and Zhong, Xuequn and Lu, Yuhao and Du, Xin and Jia, Rui and Li, Hansheng and Zhang, Minlian},
	month = jul,
	year = {2021},
	Publisher = {Multidisciplinary Digital Publishing Institute},
	pages = {1594},
}

@article{medic_current_2014,
	title = {Current {Knowledge} in {Soybean} {Composition}},
	volume = {91},
	issn = {1558-9331},
	url = {https://onlinelibrary.wiley.com/doi/abs/10.1007/s11746-013-2407-9},
	doi = {10.1007/s11746-013-2407-9},
	language = {en},
	number = {3},
	urldate = {2022-05-08},
	journal = {Journal of the American Oil Chemists' Society},
	author = {Medic, Jelena and Atkinson, Christine and Hurburgh Jr., Charles R.},
	year = {2014},
	keywords = {Breeding, Carbohydrates, Composition, Environmental conditions, Isoflavones, Oil, Phospholipids, Phytic acid, Protein, Soybeans, Tocopherols},
	pages = {363--384},
}
% Handbook of Food Proteins:Soy proteins % Dobbeltsjekket :)
@incollection{glyn_o_phillips_handbook_2011,
  author      = {Fukushima, D.},
  title       = {Soy proteins},
  editor      = {{Glyn O. Phillips} and {Peter A. Williams}},
  booktitle   = {Handbook of {Food} {Proteins}},
  publisher   = {Woodhead Publishing},
  year        = {2011},
  pages       = {210-232},
  chapter     = {8},
}
% Food Texture % Dobbeltsjekket :)
@incollection{stanley_food_1987,
  author      = {Stanley, D. W.},
  title       = {Food {Texture} and {Microstructure}},
  editor      = {Moskowitz, {H. R.}},
  booktitle   = {{Food Texture - Instrumental and Sensory Measurement}},
  publisher   = {Marcel Dekker Inc.},
  year        = {1987},
  pages       = {35-64},
  chapter     = {2},
}

@article{nagano_effect_1994,
	title = {Effect of {Heating} and {Cooling} on the {Gelation} {Kinetics} of {7S} {Globulin} from {Soybeans}},
	volume = {42},
	issn = {0021-8561},
	url = {https://doi.org/10.1021/jf00043a005},
	doi = {10.1021/jf00043a005},
	number = {7},
	urldate = {2022-06-09},
	journal = {Journal of Agricultural and Food Chemistry},
	author = {Nagano, Takao and Mori, Hiroyuki and Nishinari, Katsuyoshi},
	month = jul,
	year = {1994},
	publisher = {American Chemical Society},
	pages = {1415--1419},
}

%%%%%%%%%%%%%%%%%%%%%%%%%%%%%%%%%%%%%%%%%
%%%%%%%%%%%% HYDROCOLLOIDS %%%%%%%%%%%%%%
%%%%%%%%%%%%%%%%%%%%%%%%%%%%%%%%%%%%%%%%%

@incollection{de_vries_hydrocolloids_2004,
	title = {Hydrocolloids gelling agents and their applications},
	booktitle = {Gums and {Stabilisers}, for the {Food} {Industry} 12},
	editor ={{Williams}, {P.A.} and {Phillips}, {G.O.}},
	publisher = {The Royal Society of Chemistry},
	author = {de Vries, J.},
	year = {2004},
}

@incollection{sworn_hydrocolloids_2004,
	title = {Hydrocolloids thickeners and their applications},
	url = {https://web.p.ebscohost.com/ehost/ebookviewer/ebook/bmxlYmtfXzQ5Njk2NV9fQU41?sid=96932ee9-6a33-4a02-8a20-a0e9d79af2f9@redis&vid=0&format=EB&lpid=lp_23&rid=0},
	urldate = {2022-06-04},
	booktitle = {Gums and {Stabilisers}, for the {Food} {Industry} 12 (edited by {P}.{A}. {Williams}, and {G}.{O}. {Phillips})},
	publisher = {The Royal Society of Chemistry},
	editor ={{Williams}, {P.A.} and {Phillips}, {G.O.}},
	author = {Sworn, G.},
	year = {2004},
}


%%%%%%%%%%%%%%%%%%%%%%%%%%%%%%%%%%%%%%%%%
%%%%%%%%%%%%%%%% ALGINATE %%%%%%%%%%%%%%%
%%%%%%%%%%%%%%%%%%%%%%%%%%%%%%%%%%%%%%%%%

%Chapter 7 - Seaweed carbohydrates
@incollection{rioux_chapter_2015,
	title = {Chapter 7 - {Seaweed} carbohydrates},
	isbn = {978-0-12-418697-2},
	language = {en},
	urldate = {2022-02-04},
	booktitle = {Seaweed {Sustainability}},
	publisher = {Academic Press},
	author = {Rioux, Laurie-Eve and Turgeon, Sylvie L.},
	editor = {Tiwari, Brijesh K. and Troy, Declan J.},
	month = jan,
	year = {2015},
	doi = {10.1016/B978-0-12-418697-2.00007-6},
	pages = {141--192},
}

@incollection{helgerud_alginates_2009,
	title = {Alginates},
	author = {Helgerud, Trond and Gåserød, Olav and Fjæreide, Therese and Andersen, {Peder O.} and Larsen, Christian Klein},
	editor = {Imeson, Alan},
	isbn = {978-1-4443-1472-4},
	url = {https://doi.org/10.1002/9781444314724.ch4},
	year = {2009},
	pages = {50--72}
}

@article{indergaard_tang_2010,
	title = {Tang og tare - i hovedsak norske brunalger: {Forekomster}, forskning og anvendelse},
	shorttitle = {Tang og tare - i hovedsak norske brunalger},
	url = {https://ntnuopen.ntnu.no/ntnu-xmlui/handle/11250/228180},
	language = {nor},
	urldate = {2022-02-02},
	author = {Indergaard, Mentz},
	year = {2010}
}

@article{schiener_seasonal_2015,
	title = {The seasonal variation in the chemical composition of the kelp species {Laminaria} digitata, {Laminaria} hyperborea, {Saccharina} latissima and {Alaria} esculenta},
	volume = {27},
	issn = {1573-5176},
	url = {https://doi.org/10.1007/s10811-014-0327-1},
	doi = {10.1007/s10811-014-0327-1},
	language = {en},
	number = {1},
	urldate = {2022-02-02},
	journal = {Journal of Applied Phycology},
	author = {Schiener, Peter and Black, Kenneth D. and Stanley, Michele S. and Green, David H.},
	month = feb,
	year = {2015},
	pages = {363--373}
}

@incollection{draget_alginates_2009,
	editor = {{Phillips}, {G. O.} and {Williams}, {P. A.}},
	title = {Alginates},
	author = {Draget, Kurt I.},
	series = {Woodhead {Publishing} {Series} in {Food} {Science}, {Technology} and {Nutrition}},
	booktitle = {Handbook of {Hydrocolloids}},
	volume = {2nd rev. ed},
	isbn = {978-1-84569-414-2},
%	url = {https://search.ebscohost.com/login.aspx?direct=true&db=nlebk&AN=689355&site=ehost-live},
	language = {English},
%	urldate = {2022-05-15},
	publisher = {Woodhead Publishing},
	year = {2009},
	issue = {Vol. 173},
}

@incollection{stephen_food_2016,
	title = {Alginates},
	booktitle = {Food {Polysaccharides} and {Their} {Applications}},
	author = {Draget, K. I. and Størker, T. Moe and {Skjak-Bræk}, Gudmund and Smidsrød, Olav},
	editor = {Stephen, A.M. and Phillips, G.O. and Williams, Peter},
	edition = {2nd ed.},
%	month = {apr},
	year = {2016},
%	pages = 733,
}

@incollection{peteiro_alginate_2018,
	address = {Singapore},
	series = {Springer {Series} in {Biomaterials} {Science} and {Engineering}},
	title = {Alginate {Production} from {Marine} {Macroalgae}, with {Emphasis} on {Kelp} {Farming}},
	isbn = {978-981-10-6910-9},
	url = {https://doi.org/10.1007/978-981-10-6910-9_2},
	language = {en},
	urldate = {2022-01-19},
	booktitle = {Alginates and {Their} {Biomedical} {Applications}},
	publisher = {Springer},
	author = {Peteiro, César},
	editor = {Rehm, Bernd H.A. and Moradali, M. Fata},
	year = {2018},
	doi = {10.1007/978-981-10-6910-9_2},
	pages = {27--66},
}

% TSPP
@incollection{branen_food_2002,
	address = {New York},
	edition = {2nd ed., rev. and expanded},
	series = {Food science and technology},
	title = {Food {Phosphates}},
	isbn = {978-0-8247-9343-2},
	language = {en},
	number = {116},
	booktitle = {Food {Additives}},
	publisher = {Marcel Dekker},
	author = {Lampila, {L. E.} and Godber, {J. P.}},
	editor = {Branen, Alfred Larry and Davidson, P. Michael and Salminen, Seppo and Throngate III, J. H.},
	year = {2002},
	keywords = {Food additives},
}


% Not used
@article{nataraj_chemical_2019,
	title = {{CHEMICAL} {MODIFICATIONS} {OF} {ALGINATE} {AND} {ITS} {DERIVATIVES}},
	doi = {10.22159/ijcr.2020v4i1.98},
	journal = {International Journal of Chemistry Research},
	author = {Nataraj, Divya and Reddy, Narendra},
	month = dec,
	year = {2019},
	pages = {1--17},
}

% Med TSPP
% Patent:
@patent{melvik_self-gelling_2014,
	title = {Self-gelling alginate systems and uses thereof},
	url = {https://patents.google.com/patent/US8741872B2/en},
	nationality = {US},
	assignee = {FMC Biopolymer AS},
	number = {US8741872B2},
	urldate = {2022-06-10},
	author = {Melvik, Jan Egil and Dornish, Michael and Onsoyen, Edvar and Berge, Astrid B. and Svendsen, Terje},
	month = oct,
	year = {2004},}

@incollection{draget_alginates_2021,
	edition = {3rd ed.},
	series = {Woodhead {Publishing} {Series} in {Food} {Science}, {Technology} and {Nutrition}},
	title = {Alginates},
	booktitle = {Handbook of {Hydrocolloids}},
	publisher = {Woodhead Publishing},
	author = {Draget, Kurt I. and Nordgård, Catherine T.},
	editor = {Glyn, Philips O. and Williams, Peter A.},
	year = {2021},
}

%SPI has same effect as TSPP
@article{bao_study_2008,
	title = {A {Study} of the {Soluble} {Complexes} {Formed} during {Calcium} {Binding} by {Soybean} {Protein} {Hydrolysates}},
	volume = {73},
	issn = {1750-3841},
	url = {https://onlinelibrary.wiley.com/doi/abs/10.1111/j.1750-3841.2008.00673.x},
	doi = {10.1111/j.1750-3841.2008.00673.x},
	language = {en},
	number = {3},
	urldate = {2022-06-11},
	journal = {Journal of Food Science},
	author = {Bao, X.-L. and Lv, Y. and Yang, B.- C. and Ren, C.- G. and Guo, S.-T.},
	year = {2008},
	keywords = {calcium binding, deamidation, molecular weight, soybean protein hydrolysates},
	pages = {C117--C121},
}

%%%%%%%%%%%%%%%%%%%%%%%%%%%%%%%%%%%%%%%%%
%%%%%%%%%% METHYL CELLULOSE %%%%%%%%%%%%%
%%%%%%%%%%%%%%%%%%%%%%%%%%%%%%%%%%%%%%%%%

@incollection{cash_cellulose_2009,
	title = {Cellulose {Derivatives}},
	isbn = {978-1-4443-1472-4},
	url = {https://onlinelibrary.wiley.com/doi/abs/10.1002/9781444314724.ch6},
	booktitle = {Food {Stabilisers}, {Thickeners} and {Gelling} {Agents}},
	publisher = {John Wiley \& Sons, Ltd},
	author = {Cash, Mary Jean and Caputo, Sandra J.},
	year = {2009},
	doi = {https://doi.org/10.1002/9781444314724.ch6},
	pages = {95--115}
}

@article{nasatto_methylcellulose_2015,
	title = {Methylcellulose, a {Cellulose} {Derivative} with {Original} {Physical} {Properties} and {Extended} {Applications}},
	volume = {7},
	doi = {10.3390/polym7050777},
	language = {en},
	number = {5},
	urldate = {2022-01-19},
	journal = {Polymers},
	author = {Nasatto, Pauline L. and Pignon, Frédéric and Silveira, Joana L. M. and Duarte, Maria Eugênia R. and Noseda, Miguel D. and Rinaudo, Marguerite},
	month = may,
	year = {2015},
	publisher = {Multidisciplinary Digital Publishing Institute},
	pages = {777--803}
}

@article{coughlin_methyl_2021,
	title = {Methyl cellulose solutions and gels: fibril formation and gelation properties},
	volume = {112},
	issn = {0079-6700},
	shorttitle = {Methyl cellulose solutions and gels},
	doi = {10.1016/j.progpolymsci.2020.101324},
	language = {en},
	urldate = {2022-05-15},
	journal = {Progress in Polymer Science},
	author = {Coughlin, McKenzie L. and Liberman, Lucy and Ertem, S. Piril and Edmund, Jerrick and Bates, Frank S. and Lodge, Timothy P.},
	month = jan,
	year = {2021},
	pages = {101324},
}

@article{li_gel_2001,
	title = {Gel {Network} {Structure} of {Methylcellulose} in {Water}},
	volume = {17},
	issn = {0743-7463},
	url = {https://doi.org/10.1021/la010917r},
	doi = {10.1021/la010917r},
	number = {26},
	urldate = {2022-05-15},
	journal = {Langmuir},
	author = {Li, L. and Thangamathesvaran, P. M. and Yue, C. Y. and Tam, K. C. and Hu, X. and Lam, Y. C.},
	month = dec,
	year = {2001},
	publisher = {{}American Chemical Society}},
	pages = {8062--8068},
}

@article{morozova_properties_2019,
	title = {Properties of {Chemically} {Cross}-{Linked} {Methylcellulose} {Gels}},
	volume = {52},
	issn = {0024-9297},
	url = {https://doi.org/10.1021/acs.macromol.9b01401},
	doi = {10.1021/acs.macromol.9b01401},
	number = {20},
	urldate = {2022-06-08},
	journal = {Macromolecules},
	author = {Morozova, Svetlana and Coughlin, McKenzie L. and Early, Julia T. and Ertem, S. Piril and Reineke, Theresa M. and Bates, Frank S. and Lodge, Timothy P.},
	month = oct,
	year = {2019},
	publisher = {American Chemical Society},
	pages = {7740--7748},
}

%%%%%%%%%%%%%%%%%%%%%%%%%%%%%%%%%%%%%%%%%
%%%%%%%%%%%%%% CHALLENGES %%%%%%%%%%%%%%%
%%%%%%%%%%%%%%%%%%%%%%%%%%%%%%%%%%%%%%%%%

@article{kyriakopoulou_functionality_2021,
	title = {Functionality of {Ingredients} and {Additives} in {Plant}-{Based} {Meat} {Analogues}},
	volume = {10},
	issn = {2304-8158},
	url = {https://www.ncbi.nlm.nih.gov/pmc/articles/PMC7999387/},
	doi = {10.3390/foods10030600},
	number = {3},
	urldate = {2022-01-13},
	journal = {Foods},
	author = {Kyriakopoulou, Konstantina and Keppler, Julia K. and van der Goot, Atze Jan},
	month = mar,
	year = {2021},
	pmid = {33809143},
	pmcid = {PMC7999387},
	pages = {600}
}

@article{schouteten_emotional_2016,
	title = {Emotional and sensory profiling of insect-, plant- and meat-based burgers under blind, expected and informed conditions},
	volume = {52},
	issn = {0950-3293},
	url = {https://www.sciencedirect.com/science/article/pii/S0950329316300556},
	doi = {10.1016/j.foodqual.2016.03.011},
	language = {en},
	urldate = {2022-01-28},
	journal = {Food Quality and Preference},
	author = {Schouteten, Joachim J. and De Steur, Hans and De Pelsmaeker, Sara and Lagast, Sofie and Juvinal, Joel G. and De Bourdeaudhuij, Ilse and Verbeke, Wim and Gellynck, Xavier},
	month = sep,
	year = {2016},
	pages = {27--31}
}

@article{zhang_changes_2019,
	title = {Changes in conformation and quality of vegetable protein during texturization process by extrusion},
	volume = {59},
	issn = {1040-8398},
	url = {https://doi.org/10.1080/10408398.2018.1487383},
	number = {20},
	urldate = {2022-01-26},
	journal = {Critical Reviews in Food Science and Nutrition},
	author = {Zhang, Jinchuang and Liu, Li and Liu, Hongzhi and Yoon, Ashton and Rizvi, Syed S. H. and Wang, Qiang},
	month = nov,
	year = {2019},
	keywords = {Texturized vegetable protein, characterization approaches, conformational changes, extrudate quality, extrusion parameters, extrusion process},
	pages = {3267--3280}
}

% lectins
@misc{norwegian_food_safety_authority_eksotiske_2010,
	title = {Eksotiske råvarer som krever koking},
	url = {https://www.matportalen.no/matvaregrupper/tema/gronnsaker_frukt_og_bar/eksotiske_raavarer_som_krever_koking},
	urldate = {2022-05-17},
	author = {{Norwegian Food Safety Authority}},
	month = sep,
	year = {2010},
}

@article{shi_changes_2018,
	title = {Changes in levels of phytic acid, lectins and oxalates during soaking and cooking of {Canadian} pulses},
	volume = {107},
	issn = {0963-9969},
	url = {https://www.sciencedirect.com/science/article/pii/S0963996918301492},
	doi = {10.1016/j.foodres.2018.02.056},
	language = {en},
	urldate = {2022-06-11},
	journal = {Food Research International},
	author = {Shi, Lan and Arntfield, Susan D. and Nickerson, Michael},
	month = may,
	year = {2018},
	keywords = {Antinutrients, Lectins and oxalates, Phytic acid, Pulses},
	pages = {660--668},
}\textbf{}

%iodine
@article{national_food_institute_analysis_2019,
	title = {Analysis and {Risk} {Assessment} of {Seaweed}},
	volume = {17},
	doi = {10.2903/j.efsa.2019.e170915},
	number = {S2},
	urldate = {2022-05-17},
	journal = {EFSA Journal},
	author = {{National Food Institute} and {Technical University of Denmark} and Denmark and {Sá Monteiro}, M and Sloth, J and Holdt, S and Hansen, M},
	year = {2019},
	pages = {e170915},
}

%%%%%%%%%%%%%%%%%%%%%%%%%%%%%%%%%%%%%%%%%
%%%%%%%%%%%%%%%% TEXTURE %%%%%%%%%%%%%%%%
%%%%%%%%%%%%%%%%%%%%%%%%%%%%%%%%%%%%%%%%%

%Bilder:
@article{belovic_instrumental_2014,
	title = {Instrumental measuring of the hardness of fresh and cooked parsnip ({Pastinaca} sativa)},
	volume = {41},
	doi = {10.5937/FFR1401055B},
	journal = {Food and Feed Research},
	author = {Belović, Miona and Pestorić, Mladenka and Mastilović, Jasna and Kevrešan, Žarko and Ilic, Zoran and Šunić, Ljubomir},
	month = jun,
	year = {2014},
	pages = {55--61},
}

% Methods in Food Analysis
@incollection{garcia-segovia_texture_2014,
	title = {Texture in {Meat} and {Fish} {Products}},
	author = {{García-Segovia}, Purificación and Moreno, {M. J. P.} and {Martínez-Monzó}, Javier},
	editor = {Cruz, {Rui M. S.} and Khmelinskii, Igor and Vieira, {M. C.}},
	publisher = {CRC Press Taylor \& Francis Group},
	year = {2014},
	booktitle = {{Methods} in {Food} {Analysis}}
}

@incollection{ross-murphy_rheological_1984,
	title = {Rheological methods},
	author = {Ross-Murphy, S. B.},
	year = {1984},
	volume = {5},
	editor = {Chan, {H. W.\-S.}},
	booktitle = {Biophysical {Methods} in {Food} {Research}},
	publisher = {Society of Chemical Industry by Blackwell Scientific Publications},
	pages = {138--199},
}

@book{bourne_food_2002,
	edition = {2nd ed.},
	title = {Food {Texture} and {Viscosity} : {Concept} and {Measurement}},
	editor = {Taylor, {S. L.}},
	publisher = {Academic Press},
	author = {Bourne, Malcolm},
	year = {2002},
}

@incollection{garcia-segovia_texture_2011,
	author = {García-Segovia, Purificación and Andrés-Bello, Amparo and Martínez-Monzó, Javier},
	title = {{Meat} and {Fish} - Texture and {Microstructure}},
	booktitle = {Practical {Food} and {Research}},
	editor = {Cruz, {R. M. S.}},
	publisher = {Nova Science Publishers Inc.},
	year = {2011},
}

@online{ttc_overview_nodate,
	title = {Overview of {Texture} {Profile} {Analysis}},
	url = {http://texture-technologies.com/resources/texture-profile-analysis},
	urldate = {2022-05-12},
	author = {TTC},
}

@online{stable_micro_systems_texture_nodate,
	title = {Texture {Profile} {Analysis} {Testing}},
	url = {https://www.stablemicrosystems.com/TextureProfileAnalysis.html},
	urldate = {2022-05-12},
	author = {Stable Micro Systems},
}

@misc{smewing_texture_2014,
	title = {Texture {Analysis} {Professionals} {Blog}: {Selecting} the correct {TPA} testing procedure},
	shorttitle = {Texture {Analysis} {Professionals} {Blog}},
	url = {https://textureanalysisprofessionals.blogspot.com/2014/06/selecting-correct-tpa-testing-procedure.html},
	urldate = {2022-05-12},
	journal = {Texture Analysis Professionals Blog},
	author = {Smewing, Jo},
	month = jun,
	year = {2014},
	keywords = {Food Texture, Intermediate},
}

% Meat flavour
@article{arshad_ruminant_2018,
	title = {Ruminant meat flavor influenced by different factors with special reference to fatty acids},
	volume = {17},
	issn = {1476-511X},
	url = {https://doi.org/10.1186/s12944-018-0860-z},
	doi = {10.1186/s12944-018-0860-z},
	number = {1},
	urldate = {2022-06-05},
	journal = {Lipids in Health and Disease},
	author = {Arshad, Muhammad Sajid and Sohaib, Muhammad and Ahmad, Rabia Shabir and Nadeem, Muhamad Tahir and Imran, Ali and Arshad, Muhammad Umair and Kwon, Joong-Ho and Amjad, Zaid},
	month = sep,
	year = {2018},
	keywords = {Cooking methods, Fatty acids, Meat flavor, Pre- and postharvest factors},
	pages = {223},
}

@article{sun_maillard_2022,
	title = {Maillard reaction of food-derived peptides as a potential route to generate meat flavor compounds: {A} review},
	volume = {151},
	issn = {0963-9969},
	shorttitle = {Maillard reaction of food-derived peptides as a potential route to generate meat flavor compounds},
	url = {https://www.sciencedirect.com/science/article/pii/S0963996921007237},
	doi = {10.1016/j.foodres.2021.110823},
	language = {en},
	urldate = {2022-06-05},
	journal = {Food Research International},
	author = {Sun, Ao and Wu, Wei and Soladoye, Olugbenga P. and Aluko, Rotimi E. and Bak, Kathrine H. and Fu, Yu and Zhang, Yuhao},
	month = jan,
	year = {2022},
	keywords = {Amadori compounds, Amino acids, Food-derived peptides, Maillard reacted peptides, Maillard reaction, Meat flavor, Plant-based meat analogues (PBMA), Reducing sugars},
	pages = {110823},
}

% Food safety
@misc{helsedirektoratet_jod_2012,
	type = {Text},
	title = {Jod},
	url = {https://www.matportalen.no/kosthold_og_helse/tema/naringsstoffer/jod},
	language = {no},
	urldate = {2022-06-05},
	author = {Helsedirektoratet},
	month = feb,
	year = {2012},
}

%%%%%%%%%%%%%%%%%%%%%%%%%%%%%%%%%%%%%%%%%
%%%%%%%%%%%%%%%% METHOD %%%%%%%%%%%%%%%%%
%%%%%%%%%%%%%%%%%%%%%%%%%%%%%%%%%%%%%%%%%

@article{Bligh_Dyer_1959,
	title = {A {RAPID} {METHOD} {OF} {TOTAL} {LIPID} {EXTRACTION} {AND} {PURIFICATION}},
	author = {Bligh, {E. G.} and Dyer, {W. J.}},
    url = {https://doi.org/10.1139/o59-099},
	journal = {Canadian Journal of Biochemistry and Physiology},
	year = {1959},
}

@manual{Butchi_Meat_Products_2022,
	title = {{Butchi Application Note No. 753/2021 Nitrogen \& protein determination in meat.}},
	author = {{BUTCHI (Switzerland)}},
	year = {2021},
	url = {https://www.buchi.com/en/knowledge/applications/nitrogen-protein-determination-meat-products},
	urldate = {2022-05-09},
}

@online{Butchi_CornFlourSoy_Products_2022,
	title = {{Butchi Application Note No. 110/2013 Nitrogen \& protein determination in corn, flour and soy}},
	author = {{BUTCHI (Switzerland)}},
	year = {2013},
	url = {https://www.buchi.com/en/knowledge/applications/nitrogen-protein-determination-corn-flour-and-soy},
	urldate = {2022-05-09},
}

%%%%%%%%%%%%%%%%%%%%%%%%%%%%%%%%%%%%%%%%%
%%%%%%%%%%%%%% DISCUSSION %%%%%%%%%%%%%%%
%%%%%%%%%%%%%%%%%%%%%%%%%%%%%%%%%%%%%%%%%

@article{wi_evaluation_2020,
	title = {Evaluation of the {Physicochemical} and {Structural} {Properties} and the {Sensory} {Characteristics} of {Meat} {Analogues} {Prepared} with {Various} {Non}-{Animal} {Based} {Liquid} {Additives}},
	volume = {9},
	copyright = {http://creativecommons.org/licenses/by/3.0/},
	issn = {2304-8158},
	url = {https://doi.org/10.3390/foods9040461},
	language = {en},
	number = {4},
	urldate = {2022-01-26},
	journal = {Foods},
	author = {Wi, Gihyun and Bae, Junhwan and Kim, Honggyun and Cho, Youngjae and Choi, Mi-Jung},
	month = apr,
	year = {2020},
    publisher = {Multidisciplinary Digital Publishing Institute},
	keywords = {emulsion, lecithin, liquid additives, meat analogue, soy protein isolate},
	pages = {461},
}

@article{bakhsh_novel_2021,
	title = {A {Novel} {Approach} for {Tuning} the {Physicochemical}, {Textural}, and {Sensory} {Characteristics} of {Plant}-{Based} {Meat} {Analogs} with {Different} {Levels} of {Methylcellulose} {Concentration}},
	volume = {10},
	issn = {2304-8158},
	url = {https://www.ncbi.nlm.nih.gov/pmc/articles/PMC8000783/},
	doi = {10.3390/foods10030560},
	number = {3},
	urldate = {2022-01-12},
	journal = {Foods},
	author = {Bakhsh, Allah and Lee, {Se-Jin} and Lee, {Eun-Yeong} and Sabikun, Nahar and Hwang, Young-Hwa and Joo, Seon-Tea},
	month = mar,
	year = {2021},
	pages = {560}
}

@article{bakhsh_evaluation_2021,
	title = {Evaluation of {Rheological} and {Sensory} {Characteristics} of {Plant}-{Based} {Meat} {Analog} with {Comparison} to {Beef} and {Pork}},
	volume = {41},
	issn = {2636-0772},
	url = {https://www.ncbi.nlm.nih.gov/pmc/articles/PMC8564321/},
	doi = {10.5851/kosfa.2021.e50},
	number = {6},
	urldate = {2022-01-12},
	journal = {Food Science of Animal Resources},
	author = {Bakhsh, {Allah} and Lee, {Se-Jin} and Lee, {Eun-Yeong} and Hwang, Young-Hwa and Joo, {Seon-Tea}},
	month = nov,
	year = {2021},
	pages = {983--996}
}

% Alginate-MC interaction!!!!!!!!!!!!
@article{liang_novel_2004,
	title = {Novel {Method} {Using} a {Temperature}-{Sensitive} {Polymer} ({Methylcellulose}) to {Thermally} {Gel} {Aqueous} {Alginate} as a {pH}-{Sensitive} {Hydrogel}},
	volume = {5},
	issn = {1525-7797},
	url = {https://doi.org/10.1021/bm049813w},
	doi = {10.1021/bm049813w},
	number = {5},
	urldate = {2022-06-09},
	journal = {Biomacromolecules},
	author = {Liang, Hsiang-Fa and Hong, Min-Hao and Ho, Rong-Ming and Chung, Ching-Kuang and Lin, Yu-Hsin and Chen, Chun-Hung and Sung, Hsing-Wen},
	month = sep,
	year = {2004},
	publisher = {American Chemical Society},
	pages = {1917--1925},
}

@article{eskens_rheological_2020,
	title = {Rheological {Investigation} of {Thermoresponsive} {Alginate} - {Methylcellulose} {Gels} for {Epidermal} {Growth} {Factor} {Formulation}},
	volume = {8},
	doi = {10.3390/cosmetics8010003},
	journal = {Cosmetics},
	author = {Eskens, Olivia and Villani, Gianna and Amin, Samiul},
	month = dec,
	year = {2020},
	pages = {3},
}

%%%%%%%%%%%%%%%%%%%%%%%%%%%%%%%%%%%%%%%%%
%%%%%%%%%%%%%%%%%%%%%%%%%%%%%%%%%%%%%%%%%
%%%%%%%%%%%%%%%%%%%%%%%%%%%%%%%%%%%%%%%%%